@article{BischoffJ2016,
author = {Bischoff, Joschka and Maciejewski, Michal},
doi = {10.1016/j.trpro.2016.12.078},
file = {::},
issn = {23521465},
journal = {Transportation Research Procedia},
pages = {176--186},
title = {{Autonomous Taxicabs in Berlin â€“ A Spatiotemporal Analysis of Service Performance}},
url = {www.sciencedirect.com https://linkinghub.elsevier.com/retrieve/pii/S235214651630864X},
volume = {19},
year = {2016}
}
